@online{iotdesignpro,
  title = {IoT Based Smart Attendance System Project Using NodeMCU},
  url = {https://iotdesignpro.com/projects/iot-based-smart-attendance-system-project-using-nodemcu},
  urldate = {2024-04-19}
}

@online{electroniclinic,
  title = {Google Sheet Attendance Tracker using ESP8266 Biometric Sensor},
  url = {https://www.electroniclinic.com/google-sheet-attendance-tracker-using-esp8266-bio metric-sensor-r557/},
  urldate = {2024-04-19}
}